@book{ScalingMongoDB,
	author = "Kristina Chodorow",
	title = "Scaling MongoDB",
	date = "2011",
	publisher = "O'Reilly",
	location = "United States of America",
	isbn = "978-1-449-30321-1"
}

@book{MongoDB,
	author = "Kristina Chodorow",
	title = "MongoDB: The Definitive Guide",
	date = "2013",
	publisher = "O'Reilly",
	location = "United States of America",
	edition = "Second Edition",
	isbn = "978-1-449-34468-9"
}
@book{GraphDB,
	author = "Ian Robinson",
	title = "Graph Databases",
	date = "2015",
	publisher = "O’Reilly",
	edition = "Second Edition",
	isbn = "978-1-491-93200-1"
}
@book{Cassandra,
	author = "Eben Hewitt",
	title = "Cassandra: The Definitive Guide",
	date = "2010",
	publisher = "O’Reilly",
	isbn = "978-1-449-39041-9"
}
@book{NoSQLDB,
        author = "Marina Pernini",
	title = "NoSql DB. Analisi prestazionale e confronto col modello relazionale",
	date = "2018",
	publisher = "EAI",
	isbn = "978-620-2-08288-4"
}
@online{TutorialsPoint,
	author = "Jyoti Celestia",
	title = "TutorialsPoint",
	url = "http://www.tutorialspoint.com"
}
@online{guru99,
	author = "guru99",
	title = "guru99",
	url = "http://www.guru99.com"
}
@article{Alex,
	author="Alex Ceccotti",
	title="riassunto 2017/18",
	year="2017"
}